<?xml version="1.0" encoding="UTF-8"?>
  <record xmlns="http://www.loc.gov/MARC21/slim" type="Authority">
    <leader>00000nz  a2200000oc 4500</leader>
    <controlfield tag="001">1219766399</controlfield>
    <controlfield tag="003">DE-101</controlfield>
    <controlfield tag="005">20201019164326.0</controlfield>
    <controlfield tag="008">201016n||aznnnaabn           | aaa    |c</controlfield>
    <datafield tag="024" ind1="7" ind2=" ">
      <subfield code="a">1219766399</subfield>
      <subfield code="0">http://d-nb.info/gnd/1219766399</subfield>
      <subfield code="2">gnd</subfield>
    </datafield>
    <datafield tag="035" ind1=" " ind2=" ">
      <subfield code="a">(DE-101)1219766399</subfield>
    </datafield>
    <datafield tag="035" ind1=" " ind2=" ">
      <subfield code="a">(DE-588)1219766399</subfield>
    </datafield>
    <datafield tag="040" ind1=" " ind2=" ">
      <subfield code="a">DE-17</subfield>
      <subfield code="c">DE-17</subfield>
      <subfield code="9">r:DE-17</subfield>
      <subfield code="b">ger</subfield>
      <subfield code="d">0017</subfield>
      <subfield code="e">rda</subfield>
    </datafield>
    <datafield tag="042" ind1=" " ind2=" ">
      <subfield code="a">gnd3</subfield>
    </datafield>
    <datafield tag="043" ind1=" " ind2=" ">
      <subfield code="c">XA-DE</subfield>
    </datafield>
    <datafield tag="075" ind1=" " ind2=" ">
      <subfield code="b">p</subfield>
      <subfield code="2">gndgen</subfield>
    </datafield>
    <datafield tag="075" ind1=" " ind2=" ">
      <subfield code="b">piz</subfield>
      <subfield code="2">gndspec</subfield>
    </datafield>
    <datafield tag="079" ind1=" " ind2=" ">
      <subfield code="a">g</subfield>
      <subfield code="q">a</subfield>
      <subfield code="q">f</subfield>
    </datafield>
    <datafield tag="100" ind1="1" ind2=" ">
      <subfield code="a">Seebach, Johann Ludwig &#152;von&#156;</subfield>
      <subfield code="d">1587-1647</subfield>
    </datafield>
    <datafield tag="400" ind1="1" ind2=" ">
      <subfield code="a">Seebach, Hans Ludwig &#152;von&#156;</subfield>
      <subfield code="d">1587-1647</subfield>
    </datafield>
    <datafield tag="500" ind1="1" ind2=" ">
      <subfield code="0">(DE-101)130660035</subfield>
      <subfield code="0">(DE-588)130660035</subfield>
      <subfield code="0">https://d-nb.info/gnd/130660035</subfield>
      <subfield code="a">Rodenstein, Johanna Maria Eva &#152;von&#156;</subfield>
      <subfield code="d">1616-1667</subfield>
      <subfield code="4">bezf</subfield>
      <subfield code="4">https://d-nb.info/standards/elementset/gnd#familialRelationship</subfield>
      <subfield code="w">r</subfield>
      <subfield code="i">Beziehung familiaer</subfield>
      <subfield code="e">Beziehung familiaer</subfield>
      <subfield code="9">v:2. Ehefrau</subfield>
    </datafield>
    <datafield tag="548" ind1=" " ind2=" ">
      <subfield code="a">12.04.1587-24.08.1647</subfield>
      <subfield code="4">datx</subfield>
      <subfield code="4">https://d-nb.info/standards/elementset/gnd#dateOfBirthAndDeath</subfield>
      <subfield code="w">r</subfield>
      <subfield code="i">Exakte Lebensdaten</subfield>
    </datafield>
    <datafield tag="548" ind1=" " ind2=" ">
      <subfield code="a">1587-1647</subfield>
      <subfield code="4">datl</subfield>
      <subfield code="4">https://d-nb.info/standards/elementset/gnd#dateOfBirthAndDeath</subfield>
      <subfield code="w">r</subfield>
      <subfield code="i">Lebensdaten</subfield>
    </datafield>
    <datafield tag="551" ind1=" " ind2=" ">
      <subfield code="0">(DE-101)1116446693</subfield>
      <subfield code="0">(DE-588)1116446693</subfield>
      <subfield code="0">https://d-nb.info/gnd/1116446693</subfield>
      <subfield code="a">Schloss Oppershausen</subfield>
      <subfield code="g">Oppershausen, Unstrut-Hainich-Kreis</subfield>
      <subfield code="4">ortg</subfield>
      <subfield code="4">https://d-nb.info/standards/elementset/gnd#placeOfBirth</subfield>
      <subfield code="w">r</subfield>
      <subfield code="i">Geburtsort</subfield>
    </datafield>
    <datafield tag="551" ind1=" " ind2=" ">
      <subfield code="0">(DE-101)040222349</subfield>
      <subfield code="0">(DE-588)4022234-2</subfield>
      <subfield code="0">https://d-nb.info/gnd/4022234-2</subfield>
      <subfield code="a">Groß-Umstadt</subfield>
      <subfield code="4">ortw</subfield>
      <subfield code="4">https://d-nb.info/standards/elementset/gnd#placeOfActivity</subfield>
      <subfield code="w">r</subfield>
      <subfield code="i">Wirkungsort</subfield>
    </datafield>
    <datafield tag="551" ind1=" " ind2=" ">
      <subfield code="0">(DE-101)040040976</subfield>
      <subfield code="0">(DE-588)4004097-5</subfield>
      <subfield code="0">https://d-nb.info/gnd/4004097-5</subfield>
      <subfield code="a">Babenhausen (Hess)</subfield>
      <subfield code="4">orts</subfield>
      <subfield code="4">https://d-nb.info/standards/elementset/gnd#placeOfDeath</subfield>
      <subfield code="w">r</subfield>
      <subfield code="i">Sterbeort</subfield>
    </datafield>
    <datafield tag="670" ind1=" " ind2=" ">
      <subfield code="a">Vorlage; Arcinsys ; Lagis Hessen</subfield>
    </datafield>
    <datafield tag="672" ind1=" " ind2="0">
      <subfield code="a">Confidentia Asaphi in Deum: Das ist/ Das hertzliche Vertrawen Assaphs zu Gott/ Uber den seeligen Hintritt auß dieser Eytelkeit/ und bey Bestallung weyland/ deß Wol-Edelgebornen/ Gestreng/ und Vesten/ Juncker Johann Ludwigen von Seebach/ gewesenen fürstlich. Hessen-Darmstättischen wolverordneten Rahts vnd Amptmanns zu Umbstatt, Ottsberg und Habitzheim ... Von M. Matthaeo Gerlachio Moeno-Franckenfurdiense, Poetâ Lauru-Coronato Cæsareo, Fürstlichem/ Hessen-Darmstattischem Pfarrherrn zu Umstatt. Frankfurt: Kempfer</subfield>
      <subfield code="f">1648</subfield>
    </datafield>
    <datafield tag="678" ind1=" " ind2=" ">
      <subfield code="b">Sohn des sächsischen Jägermeister Hans Georg von Seebach, 1602 Edelknabe bei Herzog Johann Casimir von Sachsen-Coburg, dann Kavaliertour, 1606 Kammerpage des Landgrafen Ludwig V. von Hessen-Darmstadt, 1609 Kammerjunker, 1610 Stallmeister, 1630 Haushofmeister, 1638 Amtmann in Groß-Umstadt, Otzberg und Habitzheim. Als 1647 französische Truppen Otzberg erobern, flieht er nach Babenhausen: dort stirbt zunächst sein Sohn, bevor er ihm kurz darauf nachfolgt (S. Grabdenkmal). Heiratet in 2. Ehe Eva Maria von Rodenstein am 01.03.1636 auf dem Schloss Marburg.</subfield>
    </datafield>
  </record>
